%% Saved with string encoding Unicode (UTF-8) 

@article{malt,
	Author = {Nivre, Joakim and Hall, Johan and Nilsson, Jens and Chanev, Atanas and Eryiğit, Gülşen and Kübler, Sandra and Marinov, Svetoslav and Marsi, Erwin},
	Title = {MaltParser: A language-independent system for data-driven dependency parsing},
	Year = 2007,
	Journal = {Natural Language Engineering},
	Volume = 13,
	Number = 2,
	Pages = {95--135},
	CommentDoi = {10.1017/S1351324906004505},
	CommentUrl = {http://journals.cambridge.org/action/displayAbstract?fromPage=online&aid=1012768}}

@InProceedings{mst,
  author    = {McDonald, Ryan  and  Pereira, Fernando  and  Ribarov, Kiril  and  Hajič, Jan},
  title     = {Non-Projective Dependency Parsing using Spanning Tree Algorithms},
  booktitle = {Proceedings of Human Language Technology Conference and Conference on Empirical Methods in Natural Language Processing},
  month     = {October},
  year      = {2005},
  address   = {Vancouver, British Columbia, Canada},
  publisher = {Association for Computational Linguistics},
  pages     = {523--530},
  url       = {http://www.aclweb.org/anthology/H/H05/H05-1066}
}

@InProceedings{buchholz-marsi:2006:CoNLL-X,
  author    = {Buchholz, Sabine  and  Marsi, Erwin},
  title     = {CoNLL-X Shared Task on Multilingual Dependency Parsing},
  booktitle = {Proceedings of the Tenth Conference on Computational Natural Language Learning (CoNLL-X)},
  month     = {June},
  year      = {2006},
  address   = {New York City},
  publisher = {Association for Computational Linguistics},
  pages     = {149--164},
  url       = {http://www.aclweb.org/anthology/W/W06/W06-2920}
}

@InProceedings{nivre-EtAl:2007:EMNLP-CoNLL2007,
  author    = {Nivre, Joakim  and  Hall, Johan  and  K\"ubler, Sandra  and  McDonald, Ryan  and  Nilsson, Jens  and  Riedel, Sebastian  and  Yuret, Deniz},
  title     = {The {CoNLL} 2007 Shared Task on Dependency Parsing},
  booktitle = {Proceedings of the CoNLL Shared Task Session of EMNLP-CoNLL 2007},
  month     = {June},
  year      = {2007},
  address   = {Prague, Czech Republic},
  publisher = {Association for Computational Linguistics},
  pages     = {915--932},
  url       = {http://www.aclweb.org/anthology/D/D07/D07-1096}
}

@book{svm,
  author    = {Cristianini, Nello and Shawe-Taylor, John},
  title     = {An Introduction to Support Vector Machines and Other Kernel-Based Learning Methods},
  year      = {2000},
  address   = {Cambridge, UK},
  publisher = {Cambridge University Press}}

@phdthesis{dzparser,
  author      = {Daniel Zeman},
  title       = {Parsing with a Statistical Dependency (PhD thesis)},
  year        = {2004},
  address     = {Praha, Czechia},
  institution = {Univerzita Karlova v Praze},
}
